@article{elkan,
    title     = {Log-linear models and conditional random fields},
    author    = {Elkan, Charles},
    journal   = {Tutorial notes at CIKM},
    volume    = {8},
    pages     = {1--12},
    year      = {2008}
}

@book {lion,
    author      = "Roberto Battiti and Mauro Brunato",
    title       = "The LION way. Machine Learning {\em plus} Intelligent Optimization. Version 2.0.",
    publisher   = "LIONlab, University of Trento, Italy",
    year        = "2014",
    isbn        = "978-14-960340-2-1"
}

@article {deap, 
    author    = " F\'elix-Antoine Fortin and Fran\c{c}ois-Michel {De Rainville} and Marc-Andr\'e Gardner and Marc Parizeau and Christian Gagn\'e ",
    title     = { {DEAP}: Evolutionary Algorithms Made Easy },
    pages     = { 2171--2175 },
    volume    = { 13 },
    month     = { jul },
    year      = { 2012 },
    journal   = { Journal of Machine Learning Research }
}
